<record><leader>00000cas a2200000 a 4500</leader><controlfield tag="001">9710471</controlfield><controlfield tag="008">830718d1881188uinuwr ne      0   a0eng c</controlfield><datafield ind1=" " ind2=" " tag="010"><subfield code="a">sn 83025619 </subfield></datafield><datafield ind1=" " ind2=" " tag="040"><subfield code="a">NPV</subfield><subfield code="b">eng</subfield><subfield code="c">NPV</subfield><subfield code="d">NPI</subfield><subfield code="d">OCL</subfield><subfield code="d">CUI</subfield><subfield code="d">OCLCQ</subfield><subfield code="d">OCLCF</subfield></datafield><datafield ind1=" " ind2=" " tag="042"><subfield code="a">pcc</subfield></datafield><datafield ind1=" " ind2=" " tag="043"><subfield code="a">n-us-in</subfield></datafield><datafield ind1=" " ind2=" " tag="045"><subfield code="a">w8w-</subfield></datafield><datafield ind1=" " ind2="4" tag="050"><subfield code="a">AN</subfield></datafield><datafield ind1=" " ind2=" " tag="052"><subfield code="a">4093</subfield><subfield code="b">S2</subfield></datafield><datafield ind1="0" ind2="4" tag="245"><subfield code="a">The Independent era.</subfield></datafield><datafield ind1=" " ind2=" " tag="260"><subfield code="a">South Bend, Ind. :</subfield><subfield code="b">B.F. Shively</subfield></datafield><datafield ind1=" " ind2=" " tag="300"><subfield code="a">v. :</subfield><subfield code="b">ill. (chiefly adv.) ;</subfield><subfield code="c">52 cm.</subfield></datafield><datafield ind1=" " ind2=" " tag="310"><subfield code="a">Weekly</subfield></datafield><datafield ind1="1" ind2=" " tag="362"><subfield code="a">Began in 1881.</subfield><subfield code="z">Cf. Ayer, 1883.</subfield></datafield><datafield ind1=" " ind2=" " tag="588"><subfield code="a">Description based on: Vol. 4, no. 7 (Oct. 20, 1883).</subfield></datafield><datafield ind1=" " ind2="0" tag="651"><subfield code="a">South Bend (Ind.)</subfield><subfield code="v">Newspapers.</subfield></datafield><datafield ind1=" " ind2="0" tag="651"><subfield code="a">Saint Joseph County (Ind.)</subfield><subfield code="v">Newspapers.</subfield></datafield><datafield ind1=" " ind2="7" tag="655"><subfield code="a">Newspapers.</subfield><subfield code="2">fast</subfield><subfield code="0">(OCoLC)fst01423814</subfield></datafield><datafield ind1=" " ind2="7" tag="651"><subfield code="a">Indiana</subfield><subfield code="z">Saint Joseph County.</subfield><subfield code="2">fast</subfield><subfield code="0">(OCoLC)fst01211959</subfield></datafield><datafield ind1=" " ind2="7" tag="651"><subfield code="a">Indiana</subfield><subfield code="z">South Bend.</subfield><subfield code="2">fast</subfield><subfield code="0">(OCoLC)fst01208959</subfield></datafield><datafield ind1=" " ind2=" " tag="752"><subfield code="a">United States</subfield><subfield code="b">Indiana</subfield><subfield code="c">Saint Joseph</subfield><subfield code="d">South Bend.</subfield></datafield><datafield ind1="0" ind2="8" tag="776"><subfield code="i">Online version:</subfield><subfield code="t">Independent era</subfield><subfield code="w">(OCoLC)192107321</subfield></datafield></record>